<record><leader>00000cas a22000007a 4500</leader><controlfield tag="001">12435704</controlfield><controlfield tag="008">850828d19231924mtuwr ne      0    0eng d</controlfield><datafield ind1=" " ind2=" " tag="010"><subfield code="a">sn 85053251 </subfield></datafield><datafield ind1=" " ind2=" " tag="040"><subfield code="a">MTL</subfield><subfield code="b">eng</subfield><subfield code="c">MTL</subfield><subfield code="d">OCLCQ</subfield></datafield><datafield ind1=" " ind2=" " tag="042"><subfield code="a">msc</subfield></datafield><datafield ind1="0" ind2=" " tag="130"><subfield code="a">Lake County herald (Polson, Mont.)</subfield></datafield><datafield ind1="1" ind2="0" tag="245"><subfield code="a">Lake County herald.</subfield></datafield><datafield ind1=" " ind2=" " tag="260"><subfield code="a">Polson, Mont. :</subfield><subfield code="b">B.H. Tipton,</subfield><subfield code="c">1923-1924.</subfield></datafield><datafield ind1=" " ind2=" " tag="300"><subfield code="a">1 v. :</subfield><subfield code="b">ill.</subfield></datafield><datafield ind1=" " ind2=" " tag="310"><subfield code="a">Weekly</subfield></datafield><datafield ind1="0" ind2=" " tag="362"><subfield code="a">Vol. 1, no. 1 (July 12, 1923)-v. 1, no. 31 [i.e. 33] (Feb. 21, 1924).</subfield></datafield><datafield ind1=" " ind2=" " tag="752"><subfield code="a">United States</subfield><subfield code="b">Montana</subfield><subfield code="c">Lake</subfield><subfield code="d">Polson.</subfield></datafield></record>